@online{wikipedia2024ossos,
    author = "Wikipedia Contributors",
    title = "Lista de ossos do esqueleto humano",
    url  = "https://pt.wikipedia.org/wiki/Lista_de_ossos_do_esqueleto_humano",
    addendum = "(accessed: 06.06.2024)",
    keywords = "latex,wiki"
}

@online{wikipedia2024maxilar,
    author = "Wikipedia Contributors",
    title = "Osso maxilar",
    url  = "https://pt.wikipedia.org/wiki/Osso_maxilar",
    addendum = "(accessed: 06.06.2024)",
    keywords = "latex,wiki"
}

@online{cuf2024,
    author = "CUF",
    title = "Saúde de A a Z",
    url  = "https://www.cuf.pt/saude-a-z",
    addendum = "(accessed: 06.06.2024)",
    keywords = "latex,cuf"
}

@online{Flask2023,
    author = "Matthew Deery",
    title = "What is Flask and how developers use it? A quick guide.",
    url  = "https://careerfoundry.com/en/blog/web-development/what-is-flask/",
    addendum = "(accessed: 05.06.2024)",
    keywords = "latex,flask"
}

@online{Jinja2022,
    author = "Matt Makai",
    title = "Jinja2 - Full Stack Python",
    url  = "https://www.fullstackpython.com/jinja2.html",
    addendum = "(accessed: 05.06.2024)",
    keywords = "latex,jinja"
}

@online{Bootstrap2024,
    author = "W3 School Contributors",
    title = "What is Bootstrap",
    url  = "https://www.w3schools.com/whatis/whatis_bootstrap.asp",
    addendum = "(accessed: 05.06.2024)",
    keywords = "latex,bootstrap"
}

@online{FontAwesome2024,
    author = "W3 School Contributors",
    title = "Font Awesome Intro",
    url  = "https://www.w3schools.com/icons/fontawesome_icons_intro.asp",
    addendum = "(accessed: 05.06.2024)",
    keywords = "latex,fontawesome"
}

@online{BSoup2024,
    author = "Educative Contributors",
    title = "What is Beautiful Soup?",
    url  = "https://www.educative.io/answers/what-is-beautiful-soup",
    addendum = "(accessed: 04.06.2024)",
    keywords = "latex,bsoup"
}

@online{Requests2024,
    author = "Simplilearn",
    title = "Python Requests: Here's everything you should know",
    url  = "https://www.simplilearn.com/tutorials/python-tutorial/python-requests",
    addendum = "(accessed: 04.06.2024)",
    keywords = "latex,requests"
}


@online{wikipedia2024musculos,
    author = "Wikipedia contributors",
    title = "Lista de músculos do corpo humano",
    url  = "https://pt.wikipedia.org/wiki/Lista_de_músculos_do_corpo_humano",
    addendum = "(accessed: 08.06.2024)",
    keywords = "latex,musculos"
}

